@inproceedings{castro2018crowd,
  title={A Crowd-Annotated Spanish Corpus for Humor Analysis},
  author={Castro, Santiago and Chiruzzo, Luis and Ros{\'a}, Aiala and Garat, Diego and Moncecchi, Guillermo},
  booktitle={Proceedings of the Sixth International Workshop on Natural Language Processing for Social Media},
  pages={7--11},
  year={2018}
}

@inproceedings{overview_haha2019,
	author      = "Chiruzzo, Luis and Castro, Santiago and Etcheverry, Mathias and Garat, Diego and Prada, Juan Jos\'{e} and Ros\'{a}, Aiala",
	title       = "{Overview of HAHA at IberLEF 2019: Humor Analysis based on Human Annotation}",
	booktitle   = "{Proceedings of the Iberian Languages Evaluation Forum (IberLEF 2019)}",
	series      = "CEUR Workshop Proceedings",
	address     = "Bilbao, Spain",
	publisher   = "CEUR-WS",
	year        = "2019",
	month       = "9",
}

@article{SentencePiece:DBLP:journals/corr/abs-1808-06226,
	author    = {Taku Kudo and
	John Richardson},
	title     = {SentencePiece: {A} simple and language independent subword tokenizer
	and detokenizer for Neural Text Processing},
	journal   = {CoRR},
	volume    = {abs/1808.06226},
	year      = {2018},
	url       = {http://arxiv.org/abs/1808.06226},
	archivePrefix = {arXiv},
	eprint    = {1808.06226},
	timestamp = {Sun, 02 Sep 2018 15:01:56 +0200},
	biburl    = {https://dblp.org/rec/bib/journals/corr/abs-1808-06226},
	bibsource = {dblp computer science bibliography, https://dblp.org}
}

@article{Poleval:DBLP:journals/corr/abs-1810-10222,
	author    = {Piotr Czapla and
	Jeremy Howard and
	Marcin Kardas},
	title     = {Universal Language Model Fine-Tuning with Subword Tokenization for
	Polish},
	journal   = {CoRR},
	volume    = {abs/1810.10222},
	year      = {2018},
	url       = {http://arxiv.org/abs/1810.10222},
	archivePrefix = {arXiv},
	eprint    = {1810.10222},
	timestamp = {Wed, 31 Oct 2018 14:24:29 +0100},
	biburl    = {https://dblp.org/rec/bib/journals/corr/abs-1810-10222},
	bibsource = {dblp computer science bibliography, https://dblp.org}
}

@article{HowardRuder:DBLP:journals/corr/abs-1801-06146,
	author    = {Jeremy Howard and
	Sebastian Ruder},
	title     = {Fine-tuned Language Models for Text Classification},
	journal   = {CoRR},
	volume    = {abs/1801.06146},
	year      = {2018},
	url       = {http://arxiv.org/abs/1801.06146},
	archivePrefix = {arXiv},
	eprint    = {1801.06146},
	timestamp = {Mon, 13 Aug 2018 16:46:54 +0200},
	biburl    = {https://dblp.org/rec/bib/journals/corr/abs-1801-06146},
	bibsource = {dblp computer science bibliography, https://dblp.org}
}

@article{Bradbury:DBLP:journals/corr/BradburyMXS16,
	author    = {James Bradbury and
	Stephen Merity and
	Caiming Xiong and
	Richard Socher},
	title     = {Quasi-Recurrent Neural Networks},
	journal   = {CoRR},
	volume    = {abs/1611.01576},
	year      = {2016},
	url       = {http://arxiv.org/abs/1611.01576},
	archivePrefix = {arXiv},
	eprint    = {1611.01576},
	timestamp = {Thu, 21 Mar 2019 11:19:44 +0100},
	biburl    = {https://dblp.org/rec/bib/journals/corr/BradburyMXS16},
	bibsource = {dblp computer science bibliography, https://dblp.org}
}

@article{Merity:DBLP:journals/corr/abs-1708-02182,
	author    = {Stephen Merity and
	Nitish Shirish Keskar and
	Richard Socher},
	title     = {Regularizing and Optimizing {LSTM} Language Models},
	journal   = {CoRR},
	volume    = {abs/1708.02182},
	year      = {2017},
	url       = {http://arxiv.org/abs/1708.02182},
	archivePrefix = {arXiv},
	eprint    = {1708.02182},
	timestamp = {Mon, 13 Aug 2018 16:47:54 +0200},
	biburl    = {https://dblp.org/rec/bib/journals/corr/abs-1708-02182},
	bibsource = {dblp computer science bibliography, https://dblp.org}
}
@article{Smith:DBLP:journals/corr/abs-1803-09820,
	author    = {Leslie N. Smith},
	title     = {A disciplined approach to neural network hyper-parameters: Part 1
	- learning rate, batch size, momentum, and weight decay},
	journal   = {CoRR},
	volume    = {abs/1803.09820},
	year      = {2018},
	url       = {http://arxiv.org/abs/1803.09820},
	archivePrefix = {arXiv},
	eprint    = {1803.09820},
	timestamp = {Mon, 13 Aug 2018 16:46:45 +0200},
	biburl    = {https://dblp.org/rec/bib/journals/corr/abs-1803-09820},
	bibsource = {dblp computer science bibliography, https://dblp.org}
}
@article{Labelsmoothing:DBLP:journals/corr/PereyraTCKH17,
	author    = {Gabriel Pereyra and
	George Tucker and
	Jan Chorowski and
	Lukasz Kaiser and
	Geoffrey E. Hinton},
	title     = {Regularizing Neural Networks by Penalizing Confident Output Distributions},
	journal   = {CoRR},
	volume    = {abs/1701.06548},
	year      = {2017},
	url       = {http://arxiv.org/abs/1701.06548},
	archivePrefix = {arXiv},
	eprint    = {1701.06548},
	timestamp = {Mon, 13 Aug 2018 16:48:27 +0200},
	biburl    = {https://dblp.org/rec/bib/journals/corr/PereyraTCKH17},
	bibsource = {dblp computer science bibliography, https://dblp.org}
}
@article{Chawla:2002:SSM:1622407.1622416,
	author = {Chawla, Nitesh V. and Bowyer, Kevin W. and Hall, Lawrence O. and Kegelmeyer, W. Philip},
	title = {SMOTE: Synthetic Minority Over-sampling Technique},
	journal = {J. Artif. Int. Res.},
	issue_date = {January 2002},
	volume = {16},
	number = {1},
	month = jun,
	year = {2002},
	issn = {1076-9757},
	pages = {321--357},
	numpages = {37},
	url = {http://dl.acm.org/citation.cfm?id=1622407.1622416},
	acmid = {1622416},
	publisher = {AI Access Foundation},
	address = {USA},
}

@article{WeightTie:DBLP:journals/corr/PressW16,
	author    = {Ofir Press and
	Lior Wolf},
	title     = {Using the Output Embedding to Improve Language Models},
	journal   = {CoRR},
	volume    = {abs/1608.05859},
	year      = {2016},
	url       = {http://arxiv.org/abs/1608.05859},
	archivePrefix = {arXiv},
	eprint    = {1608.05859},
	timestamp = {Mon, 13 Aug 2018 16:48:36 +0200},
	biburl    = {https://dblp.org/rec/bib/journals/corr/PressW16},
	bibsource = {dblp computer science bibliography, https://dblp.org}
}

@online{Tweepy,
	title = {Tweepy: Twitter for Python!},
	year = {2019},
	url = {http://github.com/tweepy/tweepy},
	urldate = {2019-06-12}
	}